@article{ref1,
    author = {Konheim, Alan G. and Weiss, Benjamin},
    title = {An Occupancy Discipline and Applications},
    journal = {SIAM Journal on Applied Mathematics},
    volume = {14},
    number = {6},
    pages = {1266-1274},
    year = {1966},
    doi = {10.1137/0114101},
    URL = {https://doi.org/10.1137/0114101},
    eprint = {https://doi.org/10.1137/0114101}
}

@book{ref2,
  title={Enumerative Combinatorics: Volume 1},
  author={Stanley, R.P. and Rota, G.C.},
  isbn={9780521663519},
  lccn={96044267},
  series={Cambridge Studies in Advanced Mathematics},
  url={https://books.google.fr/books?id=EvJg1VjIGyMC},
  year={1997},
  publisher={Cambridge University Press}
}

@book{ref3,
  title={Enumerative Combinatorics: Volume 2},
  author={Stanley, R.P. and Fomin, S.},
  isbn={9780521789875},
  lccn={96044267},
  series={Cambridge Studies in Advanced Mathematics},
  url={https://books.google.fr/books?id=zg5wDqT6T-UC},
  year={1997},
  publisher={Cambridge University Press}
}

@article{ref4,
  title={Sur les partitions non croisees d'un cycle},
  author={Germain Kreweras},
  journal={Discret. Math.},
  year={1972},
  volume={1},
  pages={333-350}
}

@article{ref5,
  title={Chain enumeration and non-crossing partitions},
  author={Paul H. Edelman},
  journal={Discret. Math.},
  year={1980},
  volume={31},
  pages={171-180}
}

@misc{ref6,
  author={Rattan, Amarpreet},
  title={Parking Functions and Related Combinatorial Structures},
  year={2001},
  publisher="UWSpace",
  url={http://hdl.handle.net/10012/1028}
}

@article{ref7,
  title={Rational Parking Functions and Catalan Numbers},
  author={Armstrong, Drew and A. Loehr, Nicholas and S. Warrington, Gregory},
  journal={Annals of Combinatorics},
  year={2014},
  volume={20},
  pages={21-58}
}

@misc{ref8,
  title={Rational Noncrossing Partitions for all Coprime Pairs},
  author={Michelle Bodnar},
  year={2017},
  eprint={1701.07198},
  archivePrefix={arXiv},
  primaryClass={math.CO}
}

@article{ref9,
  title={Some properties of the parking function poset},
  author={Delcroix-Oger, Bérénice and Josuat-Vergès, Matthieu and Randazzo, Lucas},
  year={2020},
  url={https://www.mat.univie.ac.at/~slc/wpapers/FPSAC2020/88-DelcroixOger.pdf}
}

@article{ref10,
 ISSN = {00202681},
 URL = {http://www.jstor.org/stable/41139633},
 author = {Bizley, M. T. L.},
 journal = {Journal of the Institute of Actuaries (1886-1994)},
 number = {1},
 pages = {55--62},
 publisher = {Cambridge University Press},
 title = {Derivation of a new formula for the number of minimal lattice paths [...]},
 volume = {80},
 year = {1954}
}
