@article{ref1,
    author = {Konheim, Alan G. and Weiss, Benjamin},
    title = {An Occupancy Discipline and Applications}
}

@book{ref2,
  title={Enumerative Combinatorics: Volume 1},
  author={Stanley, R.P. and Rota, G.C.}
}

@book{ref3,
  title={Enumerative Combinatorics: Volume 2},
  author={Stanley, R.P. and Fomin, S.}
} 

@article{ref4,
  title={Sur les partitions non croisees d'un cycle},
  author={Germain Kreweras}
}

@article{ref5,
  title={Chain enumeration and non-crossing partitions},
  author={Paul H. Edelman}
}

@misc{ref6,
  author={Rattan, Amarpreet},
  title={Parking Functions and Related Combinatorial Structures}
}

@article{ref7,
  title={Rational Parking Functions and Catalan Numbers},
  author={Armstrong, Drew and A. Loehr, Nicholas and S. Warrington, Gregory}
}

@misc{ref8,
  title={Rational Noncrossing Partitions for all Coprime Pairs},
  author={Michelle Bodnar}
}

@article{ref9,
  title={Some properties of the parking function poset},
  author={Delcroix-Oger, Bérénice and Josuat-Vergès, Matthieu and Randazzo, Lucas}
}

@article{ref10,
 author = {Bizley, M. T. L.},
 title = {Derivation of a new formula for the number of minimal lattice paths [...]}
}
